@book{IT,
title = "Elements of Information Theory",
author = "Thomas M. Cover, Joy A. Thomas",
publisher = "John Wiley & Sons.Inc",
year = "1991"
}
@article{MARTIN,
title = "Entropy and the Ehrenfest Urn Mpde;",
author = "Martin J. Klein",
year = "1956",
}
@ONLINE{Code,
title = "Matlab code for this homework",
author = "Jerry Chou",
url = {https://github.com/jerrychou82/Iterative_method/}
}
